@inproceedings{regan2011understanding,
  title={Understanding distributions of chess performances},
  author={Regan, Kenneth W and Macieja, Bartlomiej and Haworth, Guy McC},
  booktitle={Advances in computer games},
  pages={230--243},
  year={2011},
  organization={Springer}
}

@techreport {mysarahmadbhat2021,
author={Bhat, Mysar Ahmad},
year=2021,
title={Online Chess Games},
institution={Kaggle},
note = {\url{https://www.kaggle.com/datasets/mysarahmadbhat/online-chess-games}}
}

@techreport {zaidqureshi2022carlsen,
author={Qureshi, Zaid},
year=2022,
title={Magnus Carlsen Lichess Games Dataset},
institution={Kaggle},
note = {\url{https://www.kaggle.com/datasets/zq1200/magnus-carlsen-lichess-games-dataset}}
}

@techreport {zaidqureshi2022niemann,
author={Qureshi, Zaid},
year=2022,
title={Hans Niemann Chess Games (1600+ in total)},
institution={Kaggle},
note = {\url{https://www.kaggle.com/datasets/zq1200/hans-niemann-chess-games}}
}