@techreport{philprice2022,
  author = {Price, Phil},
  year = 2022,
  title = {Chess Cheating: How to Detect It},
  institution = {Columbia University},
  note = {\url{https://statmodeling.stat.columbia.edu/2022/10/06/chess-cheating-how-to-detect-it-other-than-catching-someone-with-a-shoe-phone/}}
}

@techreport{kenregan2010,
  author = {Regan, Ken},
  year = 2010,
  title = {Testing Rational and Methodology},
  institution = {University at Buffalo},
  note = {\url{https://cse.buffalo.edu/~regan/chess/fidelity/Methodology.html}}
}

@techreport{erikallebest2022,
  author = {Allebest, Erik},
  year = 2022,
  title = {Hans Niemann Report},
  institution = {Chess.com},
  note = {\url{https://www.chess.com/blog/CHESScom/hans-niemann-report}}
}

@Misc{magnuscarlsenrating,
  institution = {International Chess Federation},
  title = {Magnus Carlsen Ratings},
  howpublished = {Reproduced as Figure~1}
  year = {2022}
}

@Misc{hansniemannrating,
  institution = {International Chess Federation},
  title = {Hans Niemann Rating},
  howpublished = {Reproduced as Figure~1}
  year = {2022}
}

@techreport {zaidqureshi2022niemann,
author={Qureshi, Zaid},
year=2022,
title={Hans Niemann Chess Games (1600+ in total)},
institution={Kaggle},
note = {\url{https://www.kaggle.com/datasets/zq1200/hans-niemann-chess-games}}
}